%
%  An example of bibtex entries.
%

%%%%%%%%
% Article within a journal
%





%#1
@inproceedings{bart,
	title={Bart: Denoising sequence-to-sequence pre-training for natural language generation, translation, and comprehension},
	author={Lewis, Mike and Liu, Yinhan and Goyal, Naman and Ghazvininejad, Marjan and
	Mohamed, Abdelrahman and Levy, Omer and Stoyanov, Ves and Zettlemoyer, Luke},
	booktitle={the 58th Annual Meeting of the Association for Computational Linguistics},
	pages={7871--7880},
	year={2020},
	organization={}
}

%@article{lewis2019bart,
%	title={Bart: Denoising sequence-to-sequence pre-training for natural language generation, translation, and comprehension},
%	author={Lewis, Mike and Liu, Yinhan and Goyal, Naman and Ghazvininejad, Marjan and
Mohamed, Abdelrahman and Levy, Omer and Stoyanov, Ves and Zettlemoyer, Luke},
%	journal={arXiv preprint arXiv:1910.13461},
%	year={2019}
%}

%#2
@article{zhong2021qmsum,
	title={QMSum: A new benchmark for query-based multi-domain meeting summarization},
	author={Zhong, Ming and Yin, Da and Yu, Tao and Zaidi, Ahmad and Mutuma, Mutethia and Jha, Rahul and Awadallah, Ahmed Hassan and Celikyilmaz, Asli and Liu, Yang and Qiu, Xipeng and others},
	journal={arXiv preprint arXiv:2104.05938},
	year={2021}
}



%#3
@article{kraaij2005ami,
	title={The AMI meeting corpus},
	author={Kraaij, Wessel and Hain, Thomas and Lincoln, Mike and Post, Wilfried},
	year={2005}
}



%#4
@inproceedings{janin2003icsi,
	title={The ICSI meeting corpus},
	author={Janin, Adam and Baron, Don and Edwards, Jane and Ellis, Dan and Gelbart, David and Morgan, Nelson and Peskin, Barbara and Pfau, Thilo and Shriberg, Elizabeth and Stolcke, Andreas and others},
	booktitle={2003 IEEE International Conference on Acoustics, Speech, and Signal Processing, 2003. Proceedings.(ICASSP'03).},
	volume={1},
	pages={I--I},
	year={2003},
	organization={IEEE}
}



%#5
@article{radford2022robust,
	title={Robust speech recognition via large-scale weak supervision},
	author={Radford, Alec and Kim, Jong Wook and Xu, Tao and Brockman, Greg and McLeavey, Christine and Sutskever, Ilya},
	journal={arXiv preprint arXiv:2212.04356},
	year={2022}
}

%#6
@inproceedings{bredin2020pyannote,
	title={Pyannote. audio: neural building blocks for speaker diarization},
	author={Bredin, Herv{\'e} and Yin, Ruiqing and Coria, Juan Manuel and Gelly, Gregory and Korshunov, Pavel and Lavechin, Marvin and Fustes, Diego and Titeux, Hadrien and Bouaziz, Wassim and Gill, Marie-Philippe},
	booktitle={ICASSP 2020-2020 IEEE International Conference on Acoustics, Speech and Signal Processing (ICASSP)},
	pages={7124--7128},
	year={2020},
	organization={IEEE}
}

%
%#7
@misc{whisper,
	author    =   "",
	title     =   "Whisper",
	year      =   "2021",
	note      =   "\url{https://github.com/openai/whisper}."
}



%
%#8
@misc{pyannotewhisper,
	author    =   "",
	title     =   "Pyannote Whisper",
	year      =   "2021",
	note      =   "\url{https://github.com/yinruiqing/pyannote-whisper}."
}




@misc{FFmpeg,
	author    =   "",
	title     =   "FFmpeg",
	year      =   "accessed on April 13, 2023",
	note      =   "\url{https://ffmpeg.org}."
}

@misc{Django,
	author    =   "",
	title     =   "Django",
	year      =   "accessed on April 13, 2023",
	note      =   "\url{https://www.djangoproject.com}."
}




@misc{AMIurl,
	author    =   "European Commission ",
	title     =   "AMI Corpus",
	year      =   "accessed on April 13, 2023",
	note      =   "\url{https://groups.inf.ed.ac.uk/ami/corpus/}."
}

@misc{ICSIurl,
	author    =   "International Computer Science Institute Speech Group, UC Berkley ",
	title     =   "ICSI Corpus",
	year      =   "accessed on April 13, 2023",
	note      =   "\url{https://groups.inf.ed.ac.uk/ami/icsi/}."
}


% 
@article{battineni2020applications,
	title={Applications of machine learning predictive models in the chronic disease diagnosis},
	author={Battineni, Gopi and Sagaro, Getu Gamo and Chinatalapudi, Nalini and Amenta, Francesco},
	journal={Journal of personalized medicine},
	volume={10},
	number={2},
	pages={21},
	year={2020},
	publisher={MDPI}
}



@article{zhao2018framework,
	title={A framework of rebalancing imbalanced healthcare data for rare events’ classification: a case of look-alike sound-alike mix-up incident detection},
	author={Zhao, Yang and Wong, Zoie Shui-Yee and Tsui, Kwok Leung},
	journal={Journal of healthcare engineering},
	volume={2018},
	year={2018},
	publisher={Hindawi}
}



@article{emanet2014comparative,
	title={A comparative analysis of machine learning methods for classification type decision problems in healthcare},
	author={Emanet, Nahit and {\"O}z, Halil R and Bayram, Nazan and Delen, Dursun},
	journal={Decision Analytics},
	volume={1},
	number={1},
	pages={1--20},
	year={2014},
	publisher={Springer}
}



@article{weiss2004mining,
	title={Mining with rarity: a unifying framework},
	author={Weiss, Gary M},
	journal={ACM Sigkdd Explorations Newsletter},
	volume={6},
	number={1},
	pages={7--19},
	year={2004},
	publisher={ACM New York, NY, USA}
}


@article{khalilia2011predicting,
	title={Predicting disease risks from highly imbalanced data using random forest},
	author={Khalilia, Mohammed and Chakraborty, Sounak and Popescu, Mihail},
	journal={BMC medical informatics and decision making},
	volume={11},
	number={1},
	pages={1--13},
	year={2011},
	publisher={Springer}
}


@inproceedings{hassanzadeh2014load,
	title={Load balancing for imbalanced data sets: classifying scientific artefacts for evidence based medicine},
	author={Hassanzadeh, Hamed and Groza, Tudor and Nguyen, Anthony and Hunter, Jane},
	booktitle={Pacific rim international conference on artificial intelligence},
	pages={972--984},
	year={2014},
	organization={Springer}
}

@article{raghupathi2014big,
	title={Big data analytics in healthcare: promise and potential},
	author={Raghupathi, Wullianallur and Raghupathi, Viju},
	journal={Health information science and systems},
	volume={2},
	number={1},
	pages={1--10},
	year={2014},
	publisher={Springer}
}

@article{creswell2018generative,
	title={Generative adversarial networks: An overview},
	author={Creswell, Antonia and White, Tom and Dumoulin, Vincent and Arulkumaran, Kai and Sengupta, Biswa and Bharath, Anil A},
	journal={IEEE signal processing magazine},
	volume={35},
	number={1},
	pages={53--65},
	year={2018},
	publisher={IEEE}
}

@article{sharma2022smotified,
	title={SMOTified-GAN for class imbalanced pattern classification problems},
	author={Sharma, Anuraganand and Singh, Prabhat Kumar and Chandra, Rohitash},
	journal={IEEE Access},
	volume={10},
	pages={30655--30665},
	year={2022},
	publisher={IEEE}
}



@article{goodfellow2020generative,
	title={Generative adversarial networks},
	author={Goodfellow, Ian and Pouget-Abadie, Jean and Mirza, Mehdi and Xu, Bing and Warde-Farley, David and Ozair, Sherjil and Courville, Aaron and Bengio, Yoshua},
	journal={Communications of the ACM},
	volume={63},
	number={11},
	pages={139--144},
	year={2020},
	publisher={ACM New York, NY, USA}
}

@article{li2020aco,
	title={ACO Resampling: Enhancing the performance of oversampling methods for class imbalance classification},
	author={Li, Min and Xiong, An and Wang, Lei and Deng, Shaobo and Ye, Jun},
	journal={Knowledge-Based Systems},
	volume={196},
	pages={105818},
	year={2020},
	publisher={Elsevier}
}


@article{kamalov2020gamma,
	title={Gamma distribution-based sampling for imbalanced data},
	author={Kamalov, Firuz and Denisov, Dmitry},
	journal={Knowledge-Based Systems},
	volume={207},
	pages={106368},
	year={2020},
	publisher={Elsevier}
}

@article{lee2017gaussian,
	title={Gaussian-based SMOTE algorithm for solving skewed class distributions},
	author={Lee, Hansoo and Kim, Jonggeun and Kim, Sungshin},
	journal={International Journal of Fuzzy Logic and Intelligent Systems},
	volume={17},
	number={4},
	pages={229--234},
	year={2017},
	publisher={Korean Institute of Intelligent Systems}
}

@article{huang2021tutorial,
	title={A tutorial on generative adversarial networks with application to classification of imbalanced data},
	author={Huang, Yuxiao and Fields, Kara G and Ma, Yan},
	journal={Statistical Analysis and Data Mining: The ASA Data Science Journal},
	year={2021},
	publisher={Wiley Online Library}
}

@misc{gan,
	author    =   "Huang, Yuxiao and Fields, Kara G and Ma, Yan",
	title     =   "Gan Classification",
	year      =   "2021",
	note      =   "\url{https://github.com/yuxiaohuang/research/tree/master/gwu/accepted/sam_2021}."}




@misc{smoteGit,
	author    =   "Alfonso, Angelo and, Hao, Lili and Le, Linh and Stanko, David and Bae, Wan D. and Horak, Matthew",
	title     =   "Sampling Imbalanced Data",
	year      =   "2022",
	note      =   "\url{https://github.com/baew-seattleu/sampling_imbalanced_data}."}


@misc{kma,
	author    =   "Korea Meteorological Administration",
	title     =   "Climate Information",
	year      =   "2021",
	note      =   "\url{https://www.kma.go.kr/eng/index.jsp}."}

@article{halligan2015disadvantages,
	title={Disadvantages of using the area under the receiver operating characteristic curve to assess imaging tests: a discussion and proposal for an alternative approach},
	author={Halligan, Steve and Altman, Douglas G and Mallett, Susan},
	journal={European radiology},
	volume={25},
	number={4},
	pages={932--939},
	year={2015},
	publisher={Springer}
}


@inproceedings{bae2019two,
	title={A two-step approach to predictive modeling of individual-based environmental health risks},
	author={Bae, Wan D and Horak, Matthew and Alkobaisi, Shayma and Kim, Sehjeong and Narayanappa, Sada and Park, Choon-Sik and Bae, Da Jeong},
	booktitle={Proceedings of the 34th ACM/SIGAPP Symposium on Applied Computing},
	pages={729--738},
	year={2019}
}


@article{duan2021spatio,
	title={Spatio-temporal quantile regression analysis revealing more nuanced patterns of climate change: a study of long-term daily temperature in Australia},
	author={Duan, Qibin and McGrory, Clare A and Brown, Glenn and Mengersen, Kerrie and Wang, You-Gan},
	journal={arXiv preprint arXiv:2103.05791},
	year={2021}
}

@article{kihm2016german,
	title={Is the German retail gasoline market competitive? A spatial-temporal analysis using quantile regression},
	author={Kihm, Alex and Ritter, Nolan and Vance, Colin},
	journal={Land Economics},
	volume={92},
	number={4},
	pages={718--736},
	year={2016},
	publisher={University of Wisconsin Press}
}


@article{wild2012exposome,
	title={The exposome: from concept to utility},
	author={Wild, Christopher Paul},
	journal={International journal of epidemiology},
	volume={41},
	number={1},
	pages={24--32},
	year={2012},
	publisher={Oxford University Press}
}

@article{chawla2002smote,
	title={SMOTE: synthetic minority over-sampling technique},
	author={Chawla, Nitesh V and Bowyer, Kevin W and Hall, Lawrence O and Kegelmeyer, W Philip},
	journal={Journal of artificial intelligence research},
	volume={16},
	pages={321--357},
	year={2002}
}


@inproceedings{wan2022sddsmote,
	title={SDDSMOTE: Synthetic Minority Oversampling Technique based on Sample Density Distribution for Enhanced Classification on Imbalanced Microarray Data},
	author={Wan, Qikang and Deng, Xiongshi and Li, Min and Yang, Haotian},
	booktitle={2022 The 6th International Conference on Compute and Data Analysis},
	pages={35--42},
	year={2022}
}


@article{Adler:Uwa0LjZa,
	Author = {Adler, T and Sawyer, K and newsletter, M Shelton-Davenport},
	Date-Added = {2018-12-24 11:36:22 +0100},
	Date-Modified = {2018-12-24 11:38:00 +0100},
	Journal = {ESEH-committee newsletter},
	Title = {{The exposome: a powerful approach for evaluating environmental exposures and their influences on human disease}},
	Year = {2010}}




@article{bae2021performance,
	title={Performance improvement of machine learning techniques predicting the association of exacerbation of peak expiratory flow ratio with short term exposure level to indoor air quality using adult asthmatics clustered data},
	author={Bae, Wan D and Kim, Sungroul and Park, Choon-Sik and Alkobaisi, Shayma and Lee, Jongwon and Seo, Wonseok and Park, Jong Sook and Park, Sujung and Lee, Sangwoon and Lee, Jong Wook},
	journal={Plos one},
	volume={16},
	number={1},
	pages={e0244233},
	year={2021},
	publisher={Public Library of Science San Francisco, CA USA}
}




@article{Battineni,
	title = {Applications of machine learning predictive models in the chronic disease diagnosis},
	journal = {Journal of Personalized Medicine},
	year = {2020},
	volume = {10},
	number  = {3}
}



@article{LIAO2020101785,
	title = "MMTLNet: Multi-Modality Transfer Learning Network with adversarial training for 3D whole heart segmentation",
	journal = "Computerized Medical Imaging and Graphics",
	volume = "85",
	pages = "101785",
	year = "2020",
	issn = "0895-6111",
	doi = "https://doi.org/10.1016/j.compmedimag.2020.101785",
	url = "http://www.sciencedirect.com/science/article/pii/S0895611120300793",
	author = "Xiangyun Liao and Yinling Qian and Yilong Chen and Xueying Xiong and Qiong Wang and Pheng-Ann Heng"}





@incollection{torrey2010transfer,
	title={Transfer learning},
	author={Torrey, Lisa and Shavlik, Jude},
	booktitle={Handbook of research on machine learning applications and trends: algorithms, methods, and techniques},
	pages={242--264},
	year={2010},
	publisher={IGI Global}
}






@article{Wu_2015,
	Author = {Wu, Ann Chen and Carpenter, Jane F. and Himes, Blanca E.},
	Date-Added = {2018-12-24 11:54:14 +0100},
	Date-Modified = {2018-12-24 11:54:14 +0100},
	Doi = {10.1016/j.jaip.2014.12.011},
	Issn = {2213-2198},
	Journal = {The Journal of Allergy and Clinical Immunology: In Practice},
	Month = {May},
	Number = {3},
	Pages = {446--448.e16},
	Publisher = {Elsevier BV},
	Title = {Mobile health applications for asthma},
	Url = {http://dx.doi.org/10.1016/j.jaip.2014.12.011},
	Volume = {3},
	Year = {2015},
	Bdsk-Url-1 = {http://dx.doi.org/10.1016/j.jaip.2014.12.011}}


@article{Belisario:2013er,
	Author = {Belisario, Jos{\'e} S Marcano and Huckvale, Kit and Greenfield, Geva and Car, Josip and Gunn, Laura H},
	Date-Added = {2018-12-24 11:52:56 +0100},
	Date-Modified = {2018-12-24 11:52:56 +0100},
	Journal = {Cochrane Database of Systematic Reviews},
	Title = {{Smartphone and tablet self management apps for asthma}},
	Year = {2013}}


@article{Wu_2016,
	Author = {Wu, Ann Chen},
	Date-Added = {2018-12-24 11:50:08 +0100},
	Date-Modified = {2018-12-24 11:50:08 +0100},
	Doi = {10.1016/j.jaip.2016.04.003},
	Issn = {2213-2198},
	Journal = {The Journal of Allergy and Clinical Immunology: In Practice},
	Month = {Jul},
	Number = {4},
	Pages = {738--739},
	Publisher = {Elsevier BV},
	Title = {The Promise of Improving Asthma Control Using Mobile Health},
	Url = {http://dx.doi.org/10.1016/j.jaip.2016.04.003},
	Volume = {4},
	Year = {2016},
	Bdsk-Url-1 = {http://dx.doi.org/10.1016/j.jaip.2016.04.003}}

@article{Licskai_2013,
	Author = {Licskai, Christopher J and Sands, Todd W and Ferrone, Madonna},
	Date-Added = {2018-12-24 11:48:22 +0100},
	Date-Modified = {2018-12-24 11:48:22 +0100},
	Doi = {10.1155/2013/906710},
	Issn = {1198-2241},
	Journal = {Canadian Respiratory Journal},
	Number = {4},
	Pages = {301--306},
	Publisher = {Hindawi Limited},
	Title = {Development and pilot testing of a mobile health solution for asthma self-management: Asthma action plan smartphone application pilot study},
	Url = {http://dx.doi.org/10.1155/2013/906710},
	Volume = {20},
	Year = {2013},
	Bdsk-Url-1 = {http://dx.doi.org/10.1155/2013/906710}}


@article{Lv_2012,
	Author = {Lv, Yanhua and Zhao, Haijin and Liang, Zhenyu and Dong, Hangming and Liu, Laiyu and Zhang, Dandan and Cai, Shaoxi},
	Date-Added = {2018-12-24 11:47:13 +0100},
	Date-Modified = {2018-12-24 11:47:13 +0100},
	Doi = {10.1089/tmj.2011.0218},
	Issn = {1556-3669},
	Journal = {Telemedicine and e-Health},
	Month = {Jul},
	Number = {6},
	Pages = {420--426},
	Publisher = {Mary Ann Liebert Inc},
	Title = {A Mobile Phone Short Message Service Improves Perceived Control of Asthma: A Randomized Controlled Trial},
	Url = {http://dx.doi.org/10.1089/tmj.2011.0218},
	Volume = {18},
	Year = {2012},
	Bdsk-Url-1 = {http://dx.doi.org/10.1089/tmj.2011.0218}}


@article{doi:10.1093/ije/dyr236,
	Author = {Wild, Christopher Paul},
	Date-Added = {2018-12-24 11:29:59 +0100},
	Date-Modified = {2019-01-30 11:27:15 +0000},
	Doi = {10.1093/ije/dyr236},
	Journal = {International Journal of Epidemiology},
	Number = {1},
	Pages = {24-32},
	Title = {The exposome: from concept to utility},
	Volume = {41},
	Year = {2012},
	Bdsk-Url-1 = {http://dx.doi.org/10.1093/ije/dyr236}}

@article{Morrison_2014,
	Author = {Morrison, Deborah and Wyke, Sally and Agur, Karolina and Cameron, Euan J and Docking, Robert I and MacKenzie, Alison M and McConnachie, Alex and Raghuvir, Vandana and Thomson, Neil C and Mair, Frances S},
	Date-Added = {2018-12-24 11:25:46 +0100},
	Date-Modified = {2018-12-24 11:25:46 +0100},
	Doi = {10.2196/jmir.2814},
	Issn = {1438-8871},
	Journal = {Journal of Medical Internet Research},
	Month = {Feb},
	Number = {2},
	Pages = {e51},
	Publisher = {JMIR Publications Inc.},
	Title = {Digital Asthma Self-Management Interventions: A Systematic Review},
	Url = {http://dx.doi.org/10.2196/jmir.2814},
	Volume = {16},
	Year = {2014},
	Bdsk-Url-1 = {http://dx.doi.org/10.2196/jmir.2814}}

@article{Schima_2017,
	Author = {Schima, Robert and Goblirsch, Tobias and Salbach, Christoph and Franczyk, Bogdan and Aleithe, Michael and Bumberger, Jan and Dietrich, Peter},
	Date-Added = {2019-01-23 00:19:25 +0100},
	Date-Modified = {2019-01-23 00:19:25 +0100},
	Doi = {10.1007/978-3-319-52464-1_30},
	Isbn = {9783319524641},
	Issn = {1865-1356},
	Journal = {Lecture Notes in Business Information Processing},
	Pages = {332--339},
	Publisher = {Springer International Publishing},
	Title = {Research in Progress: Implementation of an Integrated Data Model for an Improved Monitoring of Environmental Processes},
	Url = {http://dx.doi.org/10.1007/978-3-319-52464-1_30},
	Year = {2017},
	Bdsk-Url-1 = {http://dx.doi.org/10.1007/978-3-319-52464-1_30}}



@article{Miller_2013,
	Author = {Miller, Gary W. and Jones, Dean P.},
	Date-Added = {2018-12-24 10:33:51 +0100},
	Date-Modified = {2018-12-24 10:33:51 +0100},
	Doi = {10.1093/toxsci/kft251},
	Issn = {1096-0929},
	Journal = {Toxicological Sciences},
	Month = {Nov},
	Number = {1},
	Pages = {1--2},
	Publisher = {Oxford University Press (OUP)},
	Title = {The Nature of Nurture: Refining the Definition of the Exposome},
	Url = {http://dx.doi.org/10.1093/toxsci/kft251},
	Volume = {137},
	Year = {2013},
	Bdsk-Url-1 = {http://dx.doi.org/10.1093/toxsci/kft251}}

@article{Betts_2012,
	Author = {Betts, Kellyn S.},
	Date-Added = {2018-12-24 10:32:20 +0100},
	Date-Modified = {2018-12-24 10:32:20 +0100},
	Doi = {10.1289/ehp.120-a158},
	Issn = {1552-9924},
	Journal = {Environmental Health Perspectives},
	Month = {Apr},
	Number = {4},
	Publisher = {Environmental Health Perspectives},
	Title = {Characterizing Exposomes: Tools for Measuring Personal Environmental Exposures},
	Url = {http://dx.doi.org/10.1289/ehp.120-a158},
	Volume = {120},
	Year = {2012},
	Bdsk-Url-1 = {http://dx.doi.org/10.1289/ehp.120-a158}}



@article{lee2011novel,
	title={A novel data mining mechanism considering bio-signal and environmental data with applications on asthma monitoring},
	author={Lee, Chao-Hui and Chen, Jessie Chia-Yu and Tseng, Vincent S},
	journal={Computer methods and programs in biomedicine},
	volume={101},
	number={1},
	pages={44--61},
	year={2011},
	publisher={Elsevier}
}


@article{luo2015predicting,
	title={Predicting asthma control deterioration in children},
	author={Luo, Gang and Stone, Bryan L and Fassl, Bernhard and Maloney, Christopher G and Gesteland, Per H and Yerram, Sashidhar R and Nkoy, Flory L},
	journal={BMC medical informatics and decision making},
	volume={15},
	number={1},
	pages={84},
	year={2015},
	publisher={BioMed Central}
}

@inproceedings{jalali2015complex,
	title={Complex asthma risk factor recognition from heterogeneous data streams},
	author={Jalali, Laleh and Dao, Minh-Son and Jain, Ramesh and Zettsu, Koiji},
	booktitle={2015 IEEE International Conference on Multimedia \& Expo Workshops (ICMEW)},
	pages={1--6},
	year={2015},
	organization={IEEE}
}



@inproceedings{menegola2017knowledge,
	title={Knowledge transfer for melanoma screening with deep learning},
	author={Menegola, Afonso and Fornaciali, Michel and Pires, Ramon and Bittencourt, Fl{\'a}via Vasques and Avila, Sandra and Valle, Eduardo},
	booktitle={2017 IEEE 14th International Symposium on Biomedical Imaging (ISBI 2017)},
	pages={297--300},
	year={2017},
	organization={IEEE}
}




@article{tu1996advantages,
	title={Advantages and disadvantages of using artificial neural networks versus logistic regression for predicting medical outcomes},
	author={Tu, Jack V},
	journal={Journal of clinical epidemiology},
	volume={49},
	number={11},
	pages={1225--1231},
	year={1996},
	publisher={Elsevier}
}

@article{livingstone1997data,
	title={Data modelling with neural networks: advantages and limitations},
	author={Livingstone, David J and Manallack, David T and Tetko, Igor V},
	journal={Journal of computer-aided molecular design},
	volume={11},
	number={2},
	pages={135--142},
	year={1997},
	publisher={Springer}
}


@inproceedings{srivastava2017deep,
	title={Deep learning for health informatics: Recent trends and future directions},
	author={Srivastava, Siddharth and Soman, Sumit and Rai, Astha and Srivastava, Praveen K},
	booktitle={2017 International Conference on Advances in Computing, Communications and Informatics (ICACCI)},
	pages={1665--1670},
	year={2017},
	organization={IEEE}
}


@article{ravi2016deep,
	title={Deep learning for health informatics},
	author={Rav{\`\i}, Daniele and Wong, Charence and Deligianni, Fani and Berthelot, Melissa and Andreu-Perez, Javier and Lo, Benny and Yang, Guang-Zhong},
	journal={IEEE journal of biomedical and health informatics},
	volume={21},
	number={1},
	pages={4--21},
	year={2016},
	publisher={IEEE}
}



@article{mccormack2008common,
	title={Common household activities are associated with elevated particulate matter concentrations in bedrooms of inner-city Baltimore pre-school children},
	author={McCormack, Meredith C and Breysse, Patrick N and Hansel, Nadia N and Matsui, Elizabeth C and Tonorezos, Emily S and Curtin-Brosnan, Jean and D’Ann, L Williams and Buckley, Timothy J and Eggleston, Peyton A and Diette, Gregory B},
	journal={Environmental research},
	volume={106},
	number={2},
	pages={148--155},
	year={2008},
	publisher={Elsevier}
}


@article{dales2008quality,
	title={Quality of indoor residential air and health},
	author={Dales, Robert and Liu, Ling and Wheeler, Amanda J and Gilbert, Nicolas L},
	journal={Cmaj},
	volume={179},
	number={2},
	pages={147--152},
	year={2008},
	publisher={Can Med Assoc}
}



@article{woo2020assessment,
	title={Assessment of Daily Personal PM2. 5 Exposure Level According to Four Major Activities among Children},
	author={Woo, Jiyoung and Rudasingwa, Guillaume and Kim, Sungroul},
	journal={Applied Sciences},
	volume={10},
	number={1},
	pages={159},
	year={2020},
	publisher={Multidisciplinary Digital Publishing Institute}
}



@article{alkobaisi2019predictive,
	title={Predictive and exposome analytics: A case study of asthma exacerbation management},
	author={Alkobaisi, Shayma and Bae, Wan D and Horak, Matthew and Narayanappa, Sada and Lee, Jongwon and AbuKhousa, Eman and Park, Choon-Sik and Bae, Da Jung},
	journal={Journal of Ambient Intelligence and Smart Environments},
	number={Preprint},
	pages={1--26},
	year={2019},
	publisher={IOS Press}
}


@article{matsui2016indoor,
	title={Indoor environmental control practices and asthma management},
	author={Matsui, Elizabeth C and Abramson, Stuart L and Sandel, Megan T and others},
	journal={Pediatrics},
	volume={138},
	number={5},
	pages={e20162589},
	year={2016},
	publisher={Am Acad Pediatrics}
}


@article{jie2011indoor,
	title={Do indoor environments influence asthma and asthma-related symptoms among adults in homes? A review of the literature},
	author={Jie, Yu and Ismail, Noor Hassim and Isa, Zaleha Md and others},
	journal={Journal of the Formosan Medical Association},
	volume={110},
	number={9},
	pages={555--563},
	year={2011},
	publisher={Elsevier}
}

@article{brooks1991indoor,
	title={Indoor air pollution: an edifice complex},
	author={Brooks, Bradford O and Utter, Gary M and DeBroy, James A and Schimke, Roger D},
	journal={Journal of Toxicology: Clinical Toxicology},
	volume={29},
	number={3},
	pages={315--374},
	year={1991},
	publisher={Taylor \& Francis}
}

@article{richardson2005indoor,
	title={How is the indoor environment related to asthma?: literature review},
	author={Richardson, George and Eick, Susan and Jones, Raymond},
	journal={Journal of advanced nursing},
	volume={52},
	number={3},
	pages={328--339},
	year={2005},
	publisher={Wiley Online Library}
}

@article{bentayeb2013indoor,
	title={Indoor air pollution and respiratory health in the elderly},
	author={Bentayeb, Malek and Simoni, Marzia and Norback, Dan and Baldacci, Sandra and Maio, Sara and Viegi, Giovanni and Annesi-Maesano, Isabella},
	journal={Journal of Environmental Science and Health, Part A},
	volume={48},
	number={14},
	pages={1783--1789},
	year={2013},
	publisher={Taylor \& Francis}
}

@article{simoni2003indoor,
	title={Indoor air pollution and respiratory health in the elderly},
	author={Simoni, M and Jaakkola, MS and Carrozzi, L and Baldacci, S and Di Pede, F and Viegi, G},
	journal={European Respiratory Journal},
	volume={21},
	number={40 suppl},
	pages={15s--20s},
	year={2003},
	publisher={Eur Respiratory Soc}
}


@article{ainsworth2001disease,
	title={A Disease Management Program Utilizing “Life Coaches” for Children with Asthma},
	author={Ainsworth, Valerie J},
	journal={JCOM},
	volume={8},
	number={6},
	year={2001}
}


@article{dorr2008effect,
	title={The effect of technology-supported, multidisease care management on the mortality and hospitalization of seniors},
	author={Dorr, David A and Wilcox, Adam B and Brunker, Cherie P and Burdon, Rachel E and Donnelly, Steven M},
	journal={Journal of the American Geriatrics Society},
	volume={56},
	number={12},
	pages={2195--2202},
	year={2008},
	publisher={Wiley Online Library}
}



@article{greineder1999randomized,
	title={A randomized controlled trial of a pediatric asthma outreach program},
	author={Greineder, Dirk K and Loane, Kathleen C and Parks, Paula},
	journal={Journal of Allergy and Clinical Immunology},
	volume={103},
	number={3},
	pages={436--440},
	year={1999},
	publisher={Elsevier}
}

@article{adams2011predicting,
	title={Predicting the Financial Risks of Seriously Ill Patients},
	author={ADAMS, JOHN and DORR, DAVID A and MOON LEUNG, PHD and POPESCU, BESHIA},
	year={2011}
}

@article{forno2012predicting,
	title={Predicting asthma exacerbations in children},
	author={Forno, Erick and Celed{\'o}n, Juan C},
	journal={Current opinion in pulmonary medicine},
	volume={18},
	number={1},
	pages={63},
	year={2012},
	publisher={NIH Public Access}
}



@article{kelly2000outcomes,
	title={Outcomes evaluation of a comprehensive intervention program for asthmatic children enrolled in Medicaid},
	author={Kelly, Cynthia Szelc and Morrow, Ardythe L and Shults, Justine and Nakas, Nermina and Strope, Gerald L and Adelman, Raymond D},
	journal={Pediatrics},
	volume={105},
	number={5},
	pages={1029--1035},
	year={2000},
	publisher={Am Acad Pediatrics}
}


@incollection{torrey2010transfer,
	title={Transfer learning},
	author={Torrey, Lisa and Shavlik, Jude},
	booktitle={Handbook of research on machine learning applications and trends: algorithms, methods, and techniques},
	pages={242--264},
	year={2010},
	publisher={IGI Global}
}



@article{lorgelly2010outcome,
	title={Outcome measurement in economic evaluations of public health interventions: a role for the capability approach?},
	author={Lorgelly, Paula K and Lawson, Kenny D and Fenwick, Elisabeth AL and Briggs, Andrew H},
	journal={International journal of environmental research and public health},
	volume={7},
	number={5},
	pages={2274--2289},
	year={2010},
	publisher={Molecular Diversity Preservation International}
}



@misc{betts2012characterizing,
	title={Characterizing exposomes: tools for measuring personal environmental exposures},
	author={Betts, Kellyn S},
	year={2012},
	publisher={National Institute of Environmental Health Sciences}
}

@article{miller2013nature,
	title={The nature of nurture: refining the definition of the exposome},
	author={Miller, Gary W and Jones, Dean P},
	journal={Toxicological Sciences},
	volume={137},
	number={1},
	pages={1--2},
	year={2013},
	publisher={Oxford University Press}
}


@article{Hindorff:vs,
	Author = {Hindorff, L A and Sethupathy, P and the, HA Junkins Proceedings of and {2009}},
	Date-Added = {2018-12-24 09:58:11 +0100},
	Date-Modified = {2018-12-24 10:00:07 +0100},
	Journal = {Proc. National Acad Sciences},
	Title = {{Potential etiologic and functional implications of genome-wide association loci for human diseases and traits}},
	Year = {2009}}



@booklet{Thuemmler:2017vn,
	Author = {Thuemmler, C and Bai, C},
	Date-Added = {2018-12-24 09:11:40 +0100},
	Date-Modified = {2018-12-24 09:11:40 +0100},
	Title = {{Health 4.0: How virtualization and big data are revolutionizing healthcare}},
	Year = {2017}}


@booklet{Asher:2014ur,
	Address = {www.globalasthmanetwork.org/publications/Global\_Asthma\_Report\_2014.pdf},
	Author = {Asher, M I and Ellwood, P},
	Date-Added = {2018-12-24 09:15:14 +0100},
	Date-Modified = {2018-12-24 11:27:59 +0100},
	Title = {{The global asthma report 2014}},
	Year = {2014}}


@article{Hermann:2016uo,
	Author = {Hermann, Mario and Pentek, Tobias and Otto, Boris},
	Date-Added = {2018-12-24 09:03:26 +0100},
	Date-Modified = {2018-12-24 09:03:26 +0100},
	Journal = {HICSS},
	Title = {{Design Principles for Industrie 4.0 Scenarios.}},
	Year = {2016}}


@article{Nunes2017,
	Abstract = {In recent decades, both asthma prevalence and incidence have been increasing worldwide, not only due to the genetic background, but mainly because of the effect of a wide number of environmental and lifestyle risk factors.},
	Author = {Nunes, Carlos and Pereira, Ana Margarida and Morais-Almeida, M{\'a}rio},
	Date-Added = {2018-12-24 09:48:08 +0100},
	Date-Modified = {2018-12-24 09:48:08 +0100},
	Day = {06},
	Doi = {10.1186/s40733-016-0029-3},
	Issn = {2054-7064},
	Journal = {Asthma Research and Practice},
	Month = {Jan},
	Number = {1},
	Pages = {1},
	Title = {Asthma costs and social impact},
	Url = {https://doi.org/10.1186/s40733-016-0029-3},
	Volume = {3},
	Year = {2017},
	Bdsk-Url-1 = {https://doi.org/10.1186/s40733-016-0029-3}}

@article{Loftus:vo,
	Author = {Loftus, P A and rhinology, SK Wise International forum of allergy and {2015}},
	Date-Added = {2018-12-24 09:38:33 +0100},
	Date-Modified = {2018-12-24 09:38:33 +0100},
	Journal = {Wiley Online Library},
	Title = {{Epidemiology and economic burden of asthma}}}


@article{Johnson:2014wr,
	Author = {Johnson, N B and Hayes, L D and Brown, K and Hoo, E C and Ethier, K A},
	Date-Added = {2018-12-24 09:43:27 +0100},
	Date-Modified = {2018-12-24 09:43:27 +0100},
	Title = {{CDC National Health Report: leading causes of morbidity and mortality and associated behavioral risk and protective factors{\textemdash}United States, 2005{\textendash}2013}},
	Year = {2014}}

@article{islam2015internet,
	title={The internet of things for health care: a comprehensive survey},
	author={Islam, SM Riazul and Kwak, Daehan and Kabir, MD Humaun and Hossain, Mahmud and Kwak, Kyung-Sup},
	journal={IEEE Access},
	volume={3},
	pages={678--708},
	year={2015},
	publisher={IEEE}
}



@article{georgakopoulos2016internet,
	title={Internet of things: from internet scale sensing to smart services},
	author={Georgakopoulos, Dimitrios and Jayaraman, Prem Prakash},
	journal={Computing},
	volume={98},
	number={10},
	pages={1041--1058},
	year={2016},
	publisher={Springer}
}


@article{wortmann2015internet,
	title={Internet of things},
	author={Wortmann, Felix and Fl{\"u}chter, Kristina},
	journal={Business \& Information Systems Engineering},
	volume={57},
	number={3},
	pages={221--224},
	year={2015},
	publisher={Springer}
}


@article{luo2017roadmap,
	title={A roadmap for optimizing asthma care management via computational approaches},
	author={Luo, Gang and Sward, Katherine},
	journal={JMIR medical informatics},
	volume={5},
	number={3},
	pages={e32},
	year={2017},
	publisher={JMIR Publications Inc., Toronto, Canada}
}



@article{purdy2009ambulatory,
	title={Ambulatory care sensitive conditions: terminology and disease coding need to be more specific to aid policy makers and clinicians},
	author={Purdy, S and Griffin, T and Salisbury, C and Sharp, D},
	journal={Public health},
	volume={123},
	number={2}, 
	pages={169--173},
	year={2009},
	publisher={Elsevier}
}


@article{yoo2016burden,
	title={Burden of respiratory disease in Korea: an observational study on allergic rhinitis, asthma, COPD, and rhinosinusitis},
	author={Yoo, Kwang-Ha and Ahn, Hae-Ryun and Park, Jae-Kyoung and Kim, Jong-Woong and Nam, Gui-Hyun and Hong, Soon-Kwan and Kim, Mee-Ja and Ghoshal, Aloke Gopal and Muttalif, Abdul Razak Bin Abdul and Lin, Horng-Chyuan and others},
	journal={Allergy, asthma \& immunology research},
	volume={8},
	number={6},
	pages={527--534},
	year={2016}
}

@inproceedings{lee2011economic,
	title={Economic burden of asthma in Korea},
	author={Lee, Yo-Han and Yoon, Seok-Jun and Kim, Eun-Jung and Kim, Young-Ae and Seo, Hye-Young and Oh, In-Hwan},
	booktitle={Allergy and asthma proceedings},
	volume={32},
	number={6},
	pages={35--40},
	year={2011}
}





@article{ecoburden,
	title={The Economic Burden of Asthma in the United States, 2008-2013},
	author={Nurmagambetov, T, Kuwahara, R, and Garbe P},
	journal={Annals of the American Thoracic Society},
	volume={15},
	number={3},
	pages={348--356},
	year={2018},
	publisher={}
}


@article{bahadori2009economic,
	title={Economic burden of asthma: a systematic review},
	author={Bahadori, Katayoun and Doyle-Waters, Mary M and Marra, Carlo and Lynd, Larry and Alasaly, Kadria and Swiston, John and FitzGerald, Js Mark},
	journal={BMC pulmonary medicine},
	volume={9},
	number={1},
	pages={24},
	year={2009},
	publisher={BioMed Central}
}


@article{ma2015time,
	title={Time trend analysis of the prevalence and incidence of diagnosed asthma and traditional Chinese medicine use among adults in Taiwan from 2000 to 2011: a population-based study},
	author={Ma, Yi-Chun and Lin, Cheng-Chieh and Yang, Sing-Yu and Chen, Hsuan-Ju and Li, Tsai-Chung and Lin, Jaung-Geng},
	journal={PLoS One},
	volume={10},
	number={10},
	pages={e0140318},
	year={2015},
	publisher={Public Library of Science}
}


@article{song2014epidemiology,
	title={Epidemiology of adult asthma in Asia: toward a better understanding},
	author={Song, Woo-Jung and Kang, Min-Gyu and Chang, Yoon-Seok and Cho, Sang-Heon},
	journal={Asia Pacific Allergy},
	volume={4},
	number={2},
	pages={75--85},
	year={2014}
}


@article{pearce2005commentary,
	title={Commentary: Asthma time trends—mission accomplished?},
	author={Pearce, Neil and Douwes, Jeroen},
	journal={International journal of epidemiology},
	volume={34},
	number={5},
	pages={1018--1019},
	year={2005},
	publisher={Oxford University Press}
}

@article{gershon2010trends,
	title={Trends in asthma prevalence and incidence in Ontario, Canada, 1996--2005: a population study},
	author={Gershon, Andrea S and Guan, Jun and Wang, Chengning and To, Teresa},
	journal={American journal of epidemiology},
	volume={172},
	number={6},
	pages={728--736},
	year={2010},
	publisher={Oxford University Press}
}

@misc{weiland2004asthma,
	title={Asthma prevalence in adults: good news?},
	author={Weiland, SK and Pearce, N},
	year={2004},
	publisher={BMJ Publishing Group Ltd}
}

@article{shin2018,
	title={Changing patterns of adult asthma incidence: results from the National Health Insurance Service–National Sample Cohort (NHIS-NSC) database in Korea},
	author={Shin, J, Sohn, K, Shin, J. E, Park, M, Lim, J, Lee, J.Y, and Yang M.S},
	journal={Scientific Reports},
	volume={15052},
	number={8},
	doi={10.1038/s41598-018-33316-y},
	year={2018},
	publisher={Nature}
}


@article{soriano2017global,
	title={Global, regional, and national deaths, prevalence, disability-adjusted life years, and years lived with disability for chronic obstructive pulmonary disease and asthma, 1990--2015: a systematic analysis for the Global Burden of Disease Study 2015},
	author={Soriano, Joan B and Abajobir, Amanuel Alemu and Abate, Kalkidan Hassen and Abera, Semaw Ferede and Agrawal, Anurag and Ahmed, Muktar Beshir and Aichour, Amani Nidhal and Aichour, Ibtihel and Aichour, Miloud Taki Eddine and Alam, Khurshid},
	journal={The Lancet Respiratory Medicine},
	volume={5},
	number={9},
	pages={691--706},
	year={2017},
	publisher={Elsevier}
}

@misc{globalorg,
	author={Globalasthmareport.org},
	title = {The Global Asthma Report 2014},
	howpublished = {},
	note = {\url{http://www.globalasthmareport.org/}, Accessed: 11-10-2019}
}

@book{ers,  title={European lung white book},   author={Gibson, J., Loddenkemper, R., Sibille, Y. and Lundback, B. },   year={2013},   publisher={ERS Whilte Book} }


@article{kim2013healthcare,
	title={Healthcare use and prescription patterns associated with adult asthma in K orea: analysis of the NHI claims database},
	author={Kim, S and Kim, J and Kim, K and Kim, Y and Park, Y and Baek, S and Park, SY and Yoon, S-Y and Kwon, H-S and Cho, YS and others},
	journal={Allergy},
	volume={68},
	number={11},
	pages={1435--1442},
	year={2013},
	publisher={Wiley Online Library}
}


@article{kim2016allergies,
	title={Allergies are still on the rise? A 6-year nationwide population-based study in Korea},
	author={Kim, Byung-Keun and Kim, Ju-Young and Kang, Min-Koo and Yang, Min-Suk and Park, Heung-Woo and Min, Kyung-Up and Cho, Sang-Heon and Kang, Hye-Ryun},
	journal={Allergology International},
	volume={65},
	number={2},
	pages={186--191},
	year={2016},
	publisher={Japanese Society of Allergology}
}



@article{burden,
	title={The Global Burden of Asthma: Executive Summary of the   
	GINA Dissemination Committee Report},
	author={Masoli, M, Fabian, D, Holt, S, and Beasley, R},
	journal={Allergy},
	volume={59},
	number={5},
	pages={469--478},
	year={2004},
	publisher={}
}




@article{ronmark1997incidence,
	title={Incidence of asthma in adults--report from the Obstructive Lung Disease in Northern Sweden Study},
	author={R{\"o}nmark, Eva and Lundb{\"a}ck, Bo and Jonsson, E and Jonsson, A-C and Lindstr{\"o}m, Mai and Sandstr{\"o}m, Thomas},
	journal={Allergy},
	volume={52},
	number={11},
	pages={1071--1078},
	year={1997},
	publisher={Wiley Online Library}
}

@article{koenker1999goodness,
	title={Goodness of fit and related inference processes for quantile regression},
	author={Koenker, Roger and Machado, Jose AF},
	journal={Journal of the american statistical association},
	volume={94},
	number={448},
	pages={1296--1310},
	year={1999},
	publisher={}
}

@article{koenker2001quantile,
	title={Quantile regression},
	author={Koenker, Roger and Hallock, Kevin F},
	journal={Journal of economic perspectives},
	volume={15},
	number={4},
	pages={143--156},
	year={2001}
}

@article{lopez2013insight,   title={An insight into classification with imbalanced data: Empirical results and current trends on using data intrinsic characteristics},   author={L{\'o}pez, Victoria and Fern{\'a}ndez, Alberto and Garc{\'\i}a, Salvador and Palade, Vasile and Herrera, Francisco},   journal={Information Sciences},   volume={250},   pages={113--141},   year={2013},   publisher={Elsevier} }

@article{hoens2013imbalanced,   title={Imbalanced datasets: from sampling to classifiers},   author={Hoens, T Ryan and Chawla, Nitesh V},   journal={Imbalanced Learning: Foundations, Algorithms, and Applications. Wiley},   year={2013} }


@book{freedman2009statistical,   title={Statistical models: theory and practice},   author={Freedman, David A},   year={2009},   publisher={cambridge university press} }


@article{he2003lack,   title={A lack-of-fit test for quantile regression},   author={He, Xuming and Zhu, Li-Xing},   journal={Journal of the American Statistical Association},   volume={98},   number={464},   pages={1013--1022},   year={2003},   publisher={Taylor and Francis} }


@inproceedings{horak2017bayesian,
	title={A Bayesian Framework for Individual Exposure Estimation on Uncertain Paths},
	author={Horak, Matthew and Bae, Wan D and Alkobaisi, Shayma and Kim, Sehjeong and Meyers, Wade},
	booktitle={International Symposium on Web and Wireless Geographical Information Systems},
	pages={83--99},
	year={2017},
	organization={Springer}
}

@misc{peakflow,
	author={},
	title = {Clement Clarke International, Predictive Normal Values (Nomogram, EU scale)},
	howpublished = {},
	note = {\url{http://www.peakflow.com/top_nav/normal_values/index.html}, Accessed: 08-19-2018}
}


@misc{lung,
	author={},
	title = {American Lung Association, Measuring Your Peak Flow Rate},
	howpublished = {},
	note = {\url{http://www.lungusa.org}, Accessed: 08-19-2018}
}


@inproceedings{greenfeld2002matching,   title={Matching GPS observations to locations on a digital map},   author={Greenfeld, Joshua S},   booktitle={81th annual meeting of the transportation research board},   volume={1},   number={3},   pages={164--173},   year={2002} }



@article{quddus2003general,   title={A general map matching algorithm for transport telematics applications},   author={Quddus, Mohammed A and Ochieng, Washington Yotto and Zhao, Lin and Noland, Robert B},   journal={GPS solutions},   volume={7},   number={3},   pages={157--167},   year={2003},   publisher={Springer} }


@article{quddus2007current,   title={Current map-matching algorithms for transport applications: State-of-the art and future research directions},   author={Quddus, Mohammed A and Ochieng, Washington Y and Noland, Robert B},   journal={Transportation research part c: Emerging technologies},   volume={15},   number={5},   pages={312--328},   year={2007},   publisher={Elsevier} }


@inproceedings{bae2016voronoi,   title={Voronoi maps: an approach to individual-based environmental exposure estimation},   author={Bae, Wan D and Alkobaisi, Shayma and Meyers, Wade and Narayanappa, Sada and Vojt{\v{e}}chovsk{\`y}, Petr},   booktitle={Proceedings of the 31st Annual ACM Symposium on Applied Computing},   pages={596--603},   year={2016},   organization={ACM} }


@book{morawska2003fundamentals,   title={Fundamentals of indoor particles and settled dust},   author={Morawska, Lidia and Salthammer, Tunga},   year={2003},   publisher={Wiley Online Library} }


@article{lee2011novel,   title={A novel data mining mechanism considering bio-signal and environmental data with applications on asthma monitoring},   author={Lee, Chao-Hui and Chen, Jessie Chia-Yu and Tseng, Vincent S},   journal={Computer methods and programs in biomedicine},   volume={101},   number={1},   pages={44--61},   year={2011},   publisher={Elsevier} }


@article{luo2015predicting,   title={Predicting asthma control deterioration in children},   author={Luo, Gang and Stone, Bryan L and Fassl, Bernhard and Maloney, Christopher G and Gesteland, Per H and Yerram, Sashidhar R and Nkoy, Flory L},   journal={BMC medical informatics and decision making},   volume={15},   number={1},   pages={84},   year={2015},   publisher={BioMed Central} }

 


@inproceedings{chen2015cloud,   title={Cloud-based predictive modeling system and its application to asthma readmission prediction},   author={Chen, Robert and Su, Hang and Khalilia, Mohammed and Lin, Sizhe and Peng, Yue and Davis, Tod and Hirsh, Daniel A and Searles, Elizabeth and Tejedor-Sojo, Javier and Thompson, Michael and others},   booktitle={AMIA Annual Symposium Proceedings},   volume={2015},   pages={406},   year={2015},   organization={American Medical Informatics Association} }


@article{finkelstein2015machine,   title={A predictive analytics approach to reducing 30-day avoidable readmissions among patients with heart failure, acute myocardial infarction,  pneumonia, or copd},   author={Shams, Issac and Ajorlou, Saeede and Yang, Kai},   journal={Health care management science},   volume={18},   number={1},   pages={19--34},   year={2015},   publisher={} }



@article{finkelstein2017machine,   title={Machine learning approaches to personalize early prediction of asthma exacerbations},   author={Finkelstein, Joseph and others},   journal={Annals of the New York Academy of Sciences},   volume={1387},   number={1},   pages={153--165},   year={2017},   publisher={Wiley Online Library} }



@inproceedings{dao2015discovering,   title={Complex asthma risk factor recognition from heterogeneous data streams},   author={Jalali, Laleh and Dao, Minh-Son and Jain, Ramesh and Zetts, Koiji},   booktitle={IEEE International Conference on Multimedia and Expo Workshops},   pages={1--6},   year={2015},   organization={} }


@inproceedings{dao2015discovering2,   title={Discovering Environmental Impacts on Public Health Using Heterogeneous Big Sensory Data},   author={Dao, Minh-Son and Zettsu, Koji},   booktitle={Big Data (BigData Congress), 2015 IEEE International Congress on},   pages={741--744},   year={2015},   organization={IEEE} }


@article{prosperi2014predicting,   title={Predicting phenotypes of asthma and eczema with machine learning},   author={Prosperi, Mattia CF and Marinho, Susana and Simpson, Angela and Custovic, Adnan and Buchan, Iain E},   journal={BMC medical genomics},   volume={7},   number={1},   pages={S7},   year={2014},   publisher={BioMed Central} }


@article{meltzer2011use,   title={Use of the Asthma Control Questionnaire to predict future risk of asthma exacerbation},   author={Meltzer, Eli O and Busse, William W and Wenzel, Sally E and Belozeroff, Vasily and Weng, Haoling H and Feng, JingYuan and Chon, Yun and Chiou, Chiun-Fang and Globe, Denise and Lin, Shao-Lee},   journal={Journal of Allergy and Clinical Immunology},   volume={127},   number={1},   pages={167--172},   year={2011},   publisher={Elsevier} }


@book{therneau2013modeling,   title={Modeling survival data: extending the Cox model},   author={Therneau, Terry M and Grambsch, Patricia M},   year={2013},   publisher={Springer Science and Business Media} }



@article{kupczyk2013detection,   title={Detection of exacerbations in asthma based on electronic diary data: results from the 1-year prospective BIOAIR study},   author={Kupczyk, Maciej and Haque, Shushila and Sterk, Peter J and Ni{\.z}ankowska-Mogilnicka, Ewa and Papi, Alberto and Bel, Elisabeth H and Chanez, Pascal and Dahl{\'e}n, Barbro and Gaga, Mina and Gjomarkaj, Mark and others},   journal={Thorax},   volume={68},   number={7},   pages={611--618},   year={2013},   publisher={BMJ Publishing Group Ltd} }



@article{thamrin2011predicting,   title={Emergency department visits for asthma exacerbation due to weather conditions and air pollution in chuncheon, korea: A case-crossover analysis},   author={Kwon, Jae-Woo and Han, Young-Ji and Oh, Moo Kyung and Lee, Chang Youl and Kim, Ja Yeun and Kim, E Jin and Kim, Ho and Kim, Woo Jin},   journal={Allergy Asthma Immunology Research},   volume={8},   number={6},   pages={512--521},   year={2016},   publisher={} }

@article{thamrin2011predicting2,   title={Predicting future risk of asthma exacerbations using individual conditional probabilities},   author={Thamrin, Cindy and Zindel, Joel and Nydegger, Regula and Reddel, Helen K and Chanez, Pascal and Wenzel, Sally E and FitzPatrick, Susan and Watt, Rosemary A and Suki, B{\'e}la and Frey, Urs},   journal={Journal of allergy and clinical immunology},   volume={127},   number={6},   pages={1494--1502},   year={2011},   publisher={Elsevier} }


@article{chernyavsky2014role,   title={The role of inflammation resolution speed in airway smooth muscle mass accumulation in asthma: insight from a theoretical model},   author={Chernyavsky, Igor L and Croisier, Huguette and Chapman, Lloyd AC and Kimpton, Laura S and Hiorns, Jonathan E and Brook, Bindi S and Jensen, Oliver E and Billington, Charlotte K and Hall, Ian P and Johnson, Simon R},   journal={PloS one},   volume={9},   number={3},   pages={e90162},   year={2014},   publisher={Public Library of Science} }


@article{toti2016analysis,   title={Analysis of correlation between pediatric asthma exacerbation and exposure to pollutant mixtures with association rule mining},   author={Toti, Giulia and Vilalta, Ricardo and Lindner, Peggy and Lefer, Barry and Macias, Charles and Price, Daniel},   journal={Artificial intelligence in medicine},   volume={74},   pages={44--52},   year={2016},   publisher={Elsevier} }


@article{nethery2014using,   title={Using Global Positioning Systems (GPS) and temperature data to generate time-activity classifications for estimating personal exposure in air monitoring studies: an automated method},   author={Nethery, Elizabeth and Mallach, Gary and Rainham, Daniel and Goldberg, Mark S and Wheeler, Amanda J},   journal={Environmental Health},   volume={13},   number={1},   pages={33},   year={2014},   publisher={BioMed Central} }


@article{delfino2013airway,   title={Airway inflammation and oxidative potential of air pollutant particles in a pediatric asthma panel},   author={Delfino, Ralph J and Staimer, Norbert and Tjoa, Thomas and Gillen, Daniel L and Schauer, James J and Shafer, Martin M},   journal={Journal of Exposure Science and Environmental Epidemiology},   volume={23},   number={5},   pages={466},   year={2013},   publisher={Nature Publishing Group} }


@article{steinle2015personal,   title={Personal exposure monitoring of PM2. 5 in indoor and outdoor microenvironments},   author={Steinle, Susanne and Reis, Stefan and Sabel, Clive E and Semple, Sean and Twigg, Marsailidh M and Braban, Christine F and Leeson, Sarah R and Heal, Mathew R and Harrison, David and Lin, Chun and others},   journal={Science of the Total Environment},   volume={508},   pages={383--394},   year={2015},   publisher={Elsevier} }


@article{rabinovitch2016within,   title={Within-microenvironment exposure to particulate matter and health effects in children with asthma: a pilot study utilizing real-time personal monitoring with GPS interface},   author={Rabinovitch, Nathan and Adams, Colby D and Strand, Matthew and Koehler, Kirsten and Volckens, John},   journal={Environmental Health},   volume={15},   number={1},   pages={96},   year={2016},   publisher={BioMed Central} }


@article{yang200610,   title={10 challenging problems in data mining research},   author={Yang, Qiang and Wu, Xindong},   journal={International Journal of Information Technology and Decision Making},   volume={5},   number={04},   pages={597--604},   year={2006},   publisher={World Scientific} }


@article{jee2013potentiality,   title={Potentiality of big data in the medical sector: focus on how to reshape the healthcare system},   author={Jee, Kyoungyoung and Kim, Gang-Hoon},   journal={Healthcare informatics research},   volume={19},   number={2},   pages={79--85},   year={2013} }


@article{wills2014decisions,   title={Decisions through data: Analytics in healthcare},   author={Wills, Mary J},   journal={Journal of Healthcare Management},   volume={59},   number={4},   pages={254--262},   year={2014},   publisher={LWW} }


@article{amarasingham2014implementing,   title={Implementing electronic health care predictive analytics: considerations and challenges},   author={Amarasingham, Ruben and Patzer, Rachel E and Huesch, Marco and Nguyen, Nam Q and Xie, Bin},   journal={Health Affairs},   volume={33},   number={7},   pages={1148--1154},   year={2014} }


@article{gerharz2013using,   title={Using geostatistical simulation to disaggregate air quality model results for individual exposure estimation on GPS tracks},   author={Gerharz, Lydia E and Pebesma, Edzer},   journal={Stochastic environmental research and risk assessment},   volume={27},   number={1},   pages={223--234},   year={2013},   publisher={Springer} }


@article{heuvelink,   title={A probabilistic framework for representing and simulating uncertain environmental variables},   author={Heuvelink, G. B. and Brown, J. D. and Van Loon, E. E.},   journal={International Journal of Geographical Information Science},   volume={21},   number={5},   pages={497--513},   year={2007},   publisher={} }


@article{alkobaisi2011modeling,   title={Modeling Uncertainty in Moving Objects Databases},   author={Alkobaisi, Shayma and Bae, Wan D and Narayanappa, Sada},   journal={IEICE TRANSACTIONS on Information and Systems},   volume={94},   number={12},   pages={2440--2459},   year={2011},   publisher={The Institute of Electronics, Information and Communication Engineers} }


@article{li2005analysis,   title={Analysis of morning commute route choice patterns using global positioning system-based vehicle activity data},   author={Li, Hainan and Guensler, Randall and Ogle, Jennifer},   journal={Transportation Research Record: Journal of the Transportation Research Board},   number={1926},   pages={162--170},   year={2005},   publisher={Transportation Research Board of the National Academies} }


@article{prato2009route,   title={Route choice modeling: past, present and future research directions},   author={Prato, Carlo Giacomo},   journal={Journal of choice modelling},   volume={2},   number={1},   pages={65--100},   year={2009},   publisher={Leeds: Institute for Transport Studies, University of Leeds} }




@inproceedings{rasmussen,   title={Using wearable  gps devices in travel surveys: A case study in the greater copenhagen area},   author={T. K. Rasmussen, T. K. and Ingvardson, J. B. and Halldórsdóttir, K and Nielsen, O. A.},   booktitle={Proceedings of the Annual Transport Conference at Aalborg University},   pages={26--27},   year={2013},   organization={} }



@article{thomas2009challenges,   title={Challenges for visual analytics},   author={Thomas, Jim and Kielman, Joe},   journal={Information Visualization},   volume={8},   number={4},   pages={309--314},   year={2009},   publisher={SAGE Publications Sage UK: London, England} }


@article{nothnagelreview,   title={A Review of Data Visualization Techniques for Time Series and Big Data},   author={Nothnagel, Gerard} }


@misc{sensaris,
	author = {},
	title={Sensaris},
	howpublished = {},
	note = {url{https://sensaris.com}, Accessed: 01-03-2019}
}


@article{reis2015integrating,   title={Integrating modelling and smart sensors for environmental and human health},   author={Reis, Stefan and Seto, Edmund and Northcross, Amanda and Quinn, Nigel WT and Convertino, Matteo and Jones, Rod L and Maier, Holger R and Schlink, Uwe and Steinle, Susanne and Vieno, Massimo and others},   journal={Environmental Modelling and Software},   volume={74},   pages={238--246},   year={2015},   publisher={Elsevier} }


@inproceedings{zheng2011probabilistic,   title={Probabilistic range queries for uncertain trajectories on road networks},   author={Zheng, Kai and Trajcevski, Goce and Zhou, Xiaofang and Scheuermann, Peter},   booktitle={Proceedings of the 14th International Conference on Extending Database Technology},   pages={283--294},   year={2011},   organization={ACM} }


@article{gerharz2010accounting,   title={Accounting for uncertainties and change of support in spatio-temporal modelling of individual exposure to air pollution},   author={Gerharz, Lydia E and Pebesma, Edzer},   journal={geoENV 2010},   pages={13--15},   year={2010} }



@article{muller2011model,   title={Model relevance: Frameworks for exploring the complexity-sensitivity-uncertainty trilemma. Book Chapter (pp. 35--67). Climate: Global hange and Local Adaption},   author={Muller, S and Mu{\~n}oz-Carpena, R and Kiker, G},   journal={I Linkov, TS Bridges. Springer Dordrecht/Boston/London. Published in cooperation with NATO Scientific Affairs Division},   year={2011} }



@article{kioumourtzoglou2014exposure,   title={Exposure measurement error in PM 2.5 health effects studies: a pooled analysis of eight personal exposure validation studies},   author={Kioumourtzoglou, Marianthi-Anna and Spiegelman, Donna and Szpiro, Adam A and Sheppard, Lianne and Kaufman, Joel D and Yanosky, Jeff D and Williams, Ronald and Laden, Francine and Hong, Biling and Suh, Helen},   journal={Environmental Health},   volume={13},   number={1},   pages={2},   year={2014},   publisher={BioMed Central} }


@misc{pleil2013evolution,   title={Evolution of environmental exposure science: using breath-borne biomarkers for “discovery” of the human exposome},   author={Pleil, Joachim D and Stiegel, Matthew A},   year={2013},   publisher={ACS Publications} }


@article{yeganeh2017satellite,   title={A satellite-based model for estimating PM2. 5 concentration in a sparsely populated environment using soft computing techniques},   author={Yeganeh, Bijan and Hewson, Michael G and Clifford, Samuel and Knibbs, Luke D and Morawska, Lidia},   journal={Environmental Modelling and Software},   volume={88},   pages={84--92},   year={2017},   publisher={Elsevier} }



@article{rumsfeld2016big,   title={Big data analytics to improve cardiovascular care: promise and challenges},   author={Rumsfeld, John S and Joynt, Karen E and Maddox, Thomas M},   journal={Nature Reviews Cardiology},   volume={13},   number={6},   pages={350},   year={2016},   publisher={Nature Publishing Group} }


@article{belle2015big,   title={Big data analytics in healthcare},   author={Belle, Ashwin and Thiagarajan, Raghuram and Soroushmehr, SM and Navidi, Fatemeh and Beard, Daniel A and Najarian, Kayvan},   journal={BioMed research international},   volume={2015},   year={2015},   publisher={Hindawi} }


@article{hiller2016healthy,   title={Healthy Predictions? Questions for Data Analytics in Health Care},   author={Hiller, Janine S},   journal={American Business Law Journal},   volume={53},   number={2},   pages={251--314},   year={2016},   publisher={Wiley Online Library} }


@misc{himss,
	author = {},
	title={HIMSS clinical and business intelligence, Clinical and business intelligence: an analytics executive review},
	howpublished = {},
	note = {2013}
}



@book{kudyba2010healthcare,   title={Healthcare informatics: improving efficiency and productivity},   author={Kudyba, Stephan P},   year={2010},   publisher={CRC Press} }


@article{choi2016health,   title={Health Analytics, Economics and Medicine toward a 21st Century Health Care System},   author={Choi, Anna L and Lai, David A and Lai, Tze L},   journal={Health},   volume={8},   number={05},   pages={428},   year={2016},   publisher={Scientific Research Publishing} }


@inproceedings{zhao2016visual,   title={Visual Analytics for Health Monitoring and Risk Management in CARRE},   author={Zhao, Youbing and Parvinzamir, Farzad and Wei, Hui and Liu, Enjie and Deng, Zhikun and Dong, Feng and Third, Allan and Luko{\v{s}}evi{\v{c}}ius, Ar{\=u}nas and Marozas, Vaidotas and Kaldoudi, Eleni and others},   booktitle={International Conference on Technologies for E-Learning and Digital Entertainment},   pages={380--391},   year={2016},   organization={Springer} }


@misc{miner,
	author = {Winters-Miner, L. A.},
	title={Seven ways predictive analytics can improve healthcare, Elsevier},
	howpublished = {},
	note = {2014}
}


@article{simpao2015big,   title={Big data and visual analytics in anaesthesia and health care},   author={Simpao, AF and Ahumada, LM and Rehman, MA},   journal={British journal of anaesthesia},   volume={115},   number={3},   pages={350--356},   year={2015},   publisher={Oxford University Press} }


@article{wang2017exploring,   title={Exploring the path to big data analytics success in healthcare},   author={Wang, Yichuan and Hajli, Nick},   journal={Journal of Business Research},   volume={70},   pages={287--299},   year={2017},   publisher={Elsevier} }



@article{bellazzi2008predictive,   title={Predictive data mining in clinical medicine: current issues and guidelines},   author={Bellazzi, Riccardo and Zupan, Blaz},   journal={International journal of medical informatics},   volume={77},   number={2},   pages={81--97},   year={2008},   publisher={Elsevier} }


@article{nguyen2002comparison,   title={Comparison of prediction models for adverse outcome in pediatric meningococcal disease using artificial neural network and logistic regression analyses},   author={Nguyen, Tran and Malley, Richard and Inkelis, Stanley H and Kuppermann, Nathan},   journal={Journal of clinical epidemiology},   volume={55},   number={7},   pages={687--695},   year={2002},   publisher={Elsevier} }




@article{gnanapriya2010data,   title={Data mining concepts and techniques},   author={Gnanapriya, S and Suganya, R and Devi, G Sumithra and Kumar, M Suresh},   journal={Data Mining and Knowledge Engineering},   volume={2},   number={9},   pages={256--263},   year={2010} }


.
@article{wong2006walking,   title={Walking the path: a new journey to explore and discover through visual analytics},   author={Wong, Pak Chung and Rose, Stuart J and Chin Jr, George and Frincke, Deborah A and May, Richard and Posse, Christian and Sanfilippo, Antonio and Thomas, Jim},   journal={Information Visualization},   volume={5},   number={4},   pages={237--249},   year={2006},   publisher={SAGE Publications Sage UK: London, England} }



@inproceedings{schima,   title={Research in progress: Implementation of an integrated data model for an improved monitoring of environmental processes},   author={R. Schima, R and Goblirsch, T and Salbach, C and Franczyk, B and Aleithe, M and Bumberger, J and Dietrich, P},   booktitle={International Conference on Business Information Systems},   pages={332--339},   year={2016},   organization={Springer} }




@article{steinle2013quantifying,   title={Quantifying human exposure to air pollution—Moving from static monitoring to spatio-temporally resolved personal exposure assessment},   author={Steinle, Susanne and Reis, Stefan and Sabel, Clive Eric},   journal={Science of the Total Environment},   volume={443},   pages={184--193},   year={2013},   publisher={Elsevier} }


@article{de2011improving,   title={Improving health through policies that promote active travel: a review of evidence to support integrated health impact assessment},   author={De Nazelle, Audrey and Nieuwenhuijsen, Mark J and Ant{\'o}, Josep M and Brauer, Michael and Briggs, David and Braun-Fahrlander, Charlotte and Cavill, Nick and Cooper, Ashley R and Desqueyroux, H{\'e}l{\`e}ne and Fruin, Scott and others},   journal={Environment international},   volume={37},   number={4},   pages={766--777},   year={2011},   publisher={Elsevier} }



@article{kothamasu2006system,   title={System health monitoring and prognostics—a review of current paradigms and practices},   author={Kothamasu, Ranganath and Huang, Samuel H and VerDuin, William H},   journal={The International Journal of Advanced Manufacturing Technology},   volume={28},   number={9-10},   pages={1012--1024},   year={2006},   publisher={Springer} }


@article{gay2007health,   title={A health monitoring system using smart phones and wearable sensors},   author={Gay, Val{\'e}rie and Leijdekkers, Peter},   journal={International journal of ARM},   volume={8},   number={2},   pages={29--35},   year={2007} }


@article{shen2014predictive,   title={Predictive modeling of nonlinear wave propagation for structural health monitoring with piezoelectric wafer active sensors},   author={Shen, Yanfeng and Giurgiutiu, Victor},   journal={Journal of Intelligent Material Systems and Structures},   volume={25},   number={4},   pages={506--520},   year={2014},   publisher={Sage Publications Sage UK: London, England} }


@article{raghupathi2013overview,   title={An overview of health analytics},   author={Raghupathi, Wullianallur and Raghupathi, Viju},   journal={J Health Med Informat},   volume={4},   number={132},   pages={2},   year={2013} }



@article{siebeling2012validity,   title={Validity and reproducibility of a physical activity questionnaire for older adults: questionnaire versus accelerometer for assessing physical activity in older adults},   author={Siebeling, Lara and Wiebers, Sarah and Beem, Leo and Puhan, Milo A and Ter Riet, Gerben},   journal={Clinical epidemiology},   volume={4},   pages={171},   year={2012},   publisher={Dove Press} }



@article{miller2013nature,   title={The nature of nurture: refining the definition of the exposome},   author={Miller, Gary W and Jones, Dean P},   journal={Toxicological Sciences},   volume={137},   number={1},   pages={1--2},   year={2013},   publisher={Oxford University Press} }


@article{betts2012characterizing,   title={Characterizing exposomes: tools for measuring personal environmental exposures},   author={Betts, Kellyn S},   journal={Environmental Health Perspectives},   volume={120},   number={4},   pages={a158},   year={2012},   publisher={National Institute of Environmental Health Science} }


@article{buck2012exposome,   title={Exposome: time for transformative research},   author={Buck Louis, Germaine M and Sundaram, Rajeshwari},   journal={Statistics in medicine},   volume={31},   number={22},   pages={2569--2575},   year={2012},   publisher={Wiley Online Library} }

@article{willett2002balancing,   title={Balancing life-style and genomics research for disease prevention},   author={Willett, Walter C},   journal={Science},   volume={296},   number={5568},   pages={695--698},   year={2002},   publisher={American Association for the Advancement of Science} }



@article{hindorff2009potential,   title={Potential etiologic and functional implications of genome-wide association loci for human diseases and traits},   author={Hindorff, Lucia A and Sethupathy, Praveen and Junkins, Heather A and Ramos, Erin M and Mehta, Jayashri P and Collins, Francis S and Manolio, Teri A},   journal={Proceedings of the National Academy of Sciences},   volume={106},   number={23},   pages={9362--9367},   year={2009},   publisher={National Acad Sciences} }


@book{wilkinson2003social,   title={Social determinants of health: the solid facts},   author={Wilkinson, Richard G and Marmot, Michael},   year={2003},   publisher={World Health Organization} }


@article{vineis2017exposome,   title={The exposome in practice: design of the EXPOsOMICS project},   author={Vineis, Paolo and Chadeau-Hyam, Marc and Gmuender, Hans and Gulliver, John and Herceg, Zdenko and Kleinjans, Jos and Kogevinas, Manolis and Kyrtopoulos, Soterios and Nieuwenhuijsen, M and Phillips, David H and others},   journal={International journal of hygiene and environmental health},   volume={220},   number={2},   pages={142--151},   year={2017},   publisher={Elsevier} }


@article{adler2010exposome,   title={The exposome: a powerful approach for evaluating environmental exposures and their influences on human disease},   author={Adler, T and Sawyer, K and Shelton-Davenport, M},   journal={ESEH-committee newsletter, June},   year={2010} }


@article{wild2012exposome,   title={The exposome: from concept to utility},   author={Wild, Christopher Paul},   journal={International journal of epidemiology},   volume={41},   number={1},   pages={24--32},   year={2012},   publisher={Oxford University Press} }



@misc{cdw,
	author = {},
	title={CDW Corporation, Healthcare’s analytics in healthcare},
	howpublished = {},
	note = {\url{https://www.cdw.com/content/cdw/en/newsroom/archive/cdw-healthcares-analytics-in-healthcare.html}, Accessed: 01-03-2019}
}

@misc{aafa,
	author = {},
	title={Asthma and Allergy Foundation of America, Asthma Triggers},
	howpublished = {},
	note = {\url{http://www.aafa.org/page/asthma-triggers-causes.aspx}, 2015}
}

@misc{who,
	author = {},
	title={World Health Organization, Chronic respiratory diseases},
	howpublished = {},
	note = {\url{http://www.who.int/respiratory/asthma/en/}, Accessed: 08-27-2018}
}

@article{knaus1982evaluating,   title={Evaluating outcome from intensive care: a preliminary multihospital comparison.},   author={Knaus, William A and Draper, Elizabeth A and Wagner, Douglas P and Zimmerman, Jack E and Birnbaum, Marvin L and Cullen, David J and Kohles, Mary Kay and Shin, Baekhyo and Snyder, James V},   journal={Critical Care Medicine},   volume={10},   number={8},   pages={491--496},   year={1982} }







@article{tsoi2017data,   title={Data visualization on global trends on cancer incidence an application of IBM Watson Analytics},   author={Tsoi, Kelvin KF and Chan, Felix CH and Hirai, Hoyee W and Leung, Gary KS and Kuo, Yong-Hong and Tai, Samson and Meng, Helen ML},   year={2017} }


@article{asthana2016healthadvisor,   title={HealthAdvisor: Recommendation System for Wearable Technologies enabling Proactive Health Monitoring},   author={Asthana, Shubhi and Strong, Ray and Megahed, Aly},   journal={arXiv preprint arXiv:1612.00800},   year={2016} }


@inproceedings{mcaullay2005delivery,   title={A delivery framework for health data mining and analytics},   author={McAullay, Damien and Williams, Graham and Chen, Jie and Jin, Huidong and He, Hongxing and Sparks, Ross and Kelman, Chris},   booktitle={Proceedings of the Twenty-eighth Australasian conference on Computer Science-Volume 38},   pages={381--387},   year={2005},   organization={Australian Computer Society, Inc.} }


@ARTICLE{hankeknees,
	author  = {H. Hanke and D. Knees}, 
	title   = {A phase-field damage model based on evolving microstructure}, 
	journal = {Asymptotic Analysis}, 
	year    = {2017},
	volume  = {101}, 
	pages   = {149-180}
}	



@ARTICLE{lefever,
	author  = {E. Lefever}, 
	title   = {A hybrid approach to domain-independent taxonomy learning},
	journal = {Applied Ontology}, 
	year    = {2016},
	volume  = {11}, 
	number  = {3}, 
	pages   = {255-278}
}	


%%%%%%%%
%  Book chapter, or article within a book
%
@incollection{meltzeretal,
	author    = {P.S. Meltzer and A. Kallioniemi and J.M. Trent}, 
	title     = {Chromosome alterations in human solid tumors},
	booktitle = {The Genetic Basis of Human Cancer}, 
	editor    = {B. Vogelstein and K.W. Kinzler}, 
	publisher = {McGraw-Hill},
	pages     = {93-113}, 
	year      = {2002},
	address   = {New York} 
}	



%%%%%%%%
% Complete book
%
@book{murrayetal,
	author    = {P.R. Murray and K.S. Rosenthal and G.S. Kobayashi and M.A. Pfaller}, 
	title     = {Medical Microbiology},
        edition   = {4th},
	publisher = {Mosby}, 
	year      = {2002},
	address   = {St. Louis} 
}


%%%%%%%%
% PHD Thesis
%
@phdthesis{wilson,
	author = {E. Wilson}, 
	title  = {Active vibration analysis of thin-walled beams},
	school = {University of Virginia},
	year   = {1991}
}




